@article{Kuybeda2013,
    title = {{A collaborative framework for 3D alignment and classification of heterogeneous subvolumes in cryo-electron tomography.}},
    year = {2013},
    journal = {Journal of structural biology},
    author = {Kuybeda, Oleg and Frank, Gabriel A and Bartesaghi, Alberto and Borgnia, Mario and Subramaniam, Sriram and Sapiro, Guillermo},
    number = {2},
    month = {2},
    pages = {116--27},
    volume = {181},
    url = {http://arxiv.org/abs/1009.5055},
    doi = {10.1016/j.jsb.2012.10.010},
    issn = {1095-8657},
    pmid = {23110852},
    arxivId = {1009.5055},
    keywords = {Algorithms, Cryoelectron Microscopy, Cryoelectron Microscopy: methods, Electron Microscope Tomography, Electron Microscope Tomography: methods, Imaging, Three-Dimensional, Imaging, Three-Dimensional: methods, Protein Conformation, Simian immunodeficiency virus, Simian immunodeficiency virus: ultrastructure, Viral Envelope Proteins, Viral Envelope Proteins: ultrastructure}
}

@misc{Schermelleh2010,
    title = {{A guide to super-resolution fluorescence microscopy}},
    year = {2010},
    booktitle = {Journal of Cell Biology},
    author = {Schermelleh, Lothar and Heintzmann, Rainer and Leonhardt, Heinrich},
    number = {2},
    pages = {165--175},
    volume = {190}
}

@article{Pace2013,
    title = {{A Locally Adaptive Regularization Based on Anisotropic Diffusion for Deformable Image Registration of Sliding Organs}},
    year = {2013},
    journal = {IEEE Transactions on Medical Imaging},
    author = {Pace, Danielle F and Aylward, Stephen R and Niethammer, Marc},
    number = {11},
    pages = {2114--2126},
    volume = {32},
    keywords = {abdominal computed tomography, ct, deformable image registration, locally adaptive, regularization, respiratory motion, sliding motion, thoracic ct}
}

@misc{Buades2005,
    title = {{A Review of Image Denoising Algorithms, with a New One}},
    year = {2005},
    booktitle = {Multiscale Modeling {\&} Simulation},
    author = {Buades, A. and Coll, B. and Morel, J. M.},
    pages = {490--530},
    volume = {4},
    isbn = {0769523722},
    issn = {1540-3459},
    pmid = {231665400006}
}

@inproceedings{Chittajallu2010,
    title = {{A shape-driven MRF model for the segmentation of organs in medical images}},
    year = {2010},
    booktitle = {Proceedings of the IEEE Computer Society Conference on Computer Vision and Pattern Recognition},
    author = {Chittajallu, D. R. and Shah, S. K. and Kakadiaris, I. A.},
    pages = {3233--3240}
}

@article{Kurkure2010,
    title = {{A supervised classification-based method for coronary calcium detection in non-contrast CT}},
    year = {2010},
    journal = {International Journal of Cardiovascular Imaging},
    author = {Kurkure, Uday and Chittajallu, Deepak R. and Brunner, Gerd and Le, Yen H. and Kakadiaris, Ioannis A.},
    pages = {817--828},
    volume = {26},
    doi = {10.1007/s10554-010-9607-2},
    issn = {15695794},
    pmid = {20229312},
    keywords = {Computed tomography, Coronary calcium, Supervised classification}
}

@article{Chittajallu2014,
    title = {{An explicit shape-constrained MRF-based contour evolution method for 2-D medical image segmentation}},
    year = {2014},
    journal = {IEEE Journal of Biomedical and Health Informatics},
    author = {Chittajallu, Deepak R. and Paragios, Nikos and Kakadiaris, Ioannis A.},
    number = {1},
    pages = {120--129},
    volume = {18},
    pmid = {24403409},
    keywords = {Contour evolution, Markov random field model, Medical image segmentation, Shape priors}
}

@inproceedings{Chittajallu2009a,
    title = {{Automatic delineation of the inner thoracic region in non-contrast CT data}},
    year = {2009},
    booktitle = {Proceedings of the 31st Annual International Conference of the IEEE Engineering in Medicine and Biology Society: Engineering the Future of Biomedicine, EMBC 2009},
    author = {Chittajallu, D. R. and Balanca, P. and Kakadiaris, I. A.},
    pages = {3569--3572},
    isbn = {9781424432967},
    doi = {10.1109/IEMBS.2009.5332585},
    issn = {1557-170X},
    pmid = {19963591}
}

@inproceedings{Yalamanchili2010a,
    title = {{Automatic segmentation of the diaphragm in non-contrast CT images}},
    year = {2010},
    booktitle = {2010 7th IEEE International Symposium on Biomedical Imaging: From Nano to Macro, ISBI 2010 - Proceedings},
    author = {Yalamanchili, Raja and Chittajallu, Deepak and Balanca, Paul and Tamarappoo, Balaji and Berman, Daniel and Dey, Damini and Kakadiaris, Ioannis},
    pages = {900--903},
    pmid = {20513619},
    keywords = {Diaphragm segmentation, Max closure, Non-contrast CT}
}

@inproceedings{Yalamanchili2010,
    title = {{Automatic segmentation of the diaphragm in non-contrast CT images}},
    year = {2010},
    booktitle = {2010 7th IEEE International Symposium on Biomedical Imaging: From Nano to Macro, ISBI 2010 - Proceedings},
    author = {Yalamanchili, Raja and Chittajallu, Deepak and Balanca, Paul and Tamarappoo, Balaji and Berman, Daniel and Dey, Damini and Kakadiaris, Ioannis},
    pages = {900--903},
    isbn = {9781424441266},
    doi = {10.1109/ISBI.2010.5490132},
    issn = {1945-7928},
    pmid = {20513619},
    keywords = {Diaphragm segmentation, Max closure, Non-contrast CT}
}

@article{Beaulieu2007,
    title = {{Bedside echocardiography in the assessment of the critically ill.}},
    year = {2007},
    journal = {Critical care medicine},
    author = {Beaulieu, Yanick},
    pages = {S235-S249},
    volume = {35},
    isbn = {0000260673},
    doi = {10.1097/01.CCM.0000260673.66681.AF},
    issn = {0090-3493},
    pmid = {17446784}
}

@article{Chen2010,
    title = {{Computational tools for quantitative breast morphometry based on 3D scans}},
    year = {2010},
    journal = {Annals of Biomedical Engineering},
    author = {Chen, D. and Chittajallu, D. R. and Passalis, G. and Kakadiaris, I. A.},
    pages = {1703--1718},
    volume = {38},
    doi = {10.1007/s10439-010-9971-z},
    issn = {00906964},
    pmid = {20300850},
    keywords = {Breast morphometry, Breast plastic surgery, Breast reconstruction, Breast shape model, Breast volume estimation, Computer-aided Surgery, Deformable model, Surgical planning}
}

@article{Burges2009,
    title = {{Dimension Reduction: A Guided Tour}},
    year = {2009},
    journal = {Foundations and Trends{\textregistered} in Machine Learning},
    author = {Burges, Christopher J C},
    number = {4},
    pages = {275--365},
    volume = {2},
    publisher = {Now Publishers},
    doi = {10.1561/2200000002},
    issn = {1935-8237},
    keywords = {Dimensionality reduction}
}

@article{Weekes2011,
    title = {{Emergency echocardiography}},
    year = {2011},
    journal = {Emergency Medicine Clinics of North America},
    author = {Weekes, Anthony J. and Quirke, Dale P.},
    pages = {759--787},
    volume = {29},
    isbn = {0733-8627},
    doi = {10.1016/j.emc.2011.08.002},
    issn = {07338627},
    pmid = {1732097},
    keywords = {Cardiac ultrasound, Emergency echocardiography, Emergency medicine, Focused cardiac ultrasound, Point-of-care cardiac ultrasound}
}

@article{Jones2011,
    title = {{Fast, three-dimensional super-resolution imaging of live cells.}},
    year = {2011},
    journal = {Nature methods},
    author = {Jones, Sara A and Shim, Sang-Hee and He, Jiang and Zhuang, Xiaowei},
    number = {6},
    pages = {499--508},
    volume = {8},
    institution = {Department of Chemistry and Chemical Biology, Harvard University, Cambridge, Massachusetts, USA.}
}

@article{Oren-Grinberg2013,
    title = {{Focused critical care echocardiography.}},
    year = {2013},
    journal = {Critical care medicine},
    author = {Oren-Grinberg, Achikam and Talmor, Daniel and Brown, Samuel M},
    pages = {2618--26},
    volume = {41},
    doi = {10.1097/CCM.0b013e31829e4dc5},
    issn = {1530-0293},
    pmid = {23989172},
    keywords = {Cardiopulmonary Resuscitation, Critical Care, Critical Care: methods, Echocardiography, Echocardiography: methods, Humans, Monitoring, Physiologic, Point-of-Care Systems, Transesophageal}
}

@inproceedings{Chittajallu2009,
    title = {{Fuzzy-Cuts: A knowledge-driven graph-based method for medical image segmentation}},
    year = {2009},
    booktitle = {2009 IEEE Computer Society Conference on Computer Vision and Pattern Recognition Workshops, CVPR Workshops 2009},
    author = {Chittajallu, D. R. and Brunner, G. and Kurkure, U. and Yalamanchili, R. P. and Kakadiaris, I. A.},
    pages = {715--722},
    isbn = {9781424439935},
    doi = {10.1109/CVPRW.2009.5206623},
    issn = {1063-6919}
}

@inproceedings{Niethammer2011,
    title = {{Geometric Metamorphosis}},
    year = {2011},
    booktitle = {Medical Image Computing and Computer Assisted Intervention (MICCAI)},
    author = {Niethammer, Marc and Hart, Gabriel L and Pace, Danielle F and Vespa, Paul M and Irimia, Andrei and Horn, John D Van and Aylward, Stephen R},
    pages = {639--646}
}

@article{Miller2001,
    title = {{Group actions, homeomorphisms, and matching: A general framework}},
    year = {2001},
    journal = {International Journal of Computer Vision},
    author = {Miller, M. I. and Younes, L.},
    pages = {61--84},
    volume = {41},
    doi = {10.1023/A:1011161132514},
    issn = {09205691},
    keywords = {Groups of deformations, Image warping, Invariance, Riemannian metrics}
}

@article{Scholten2005,
    title = {{Hand-held miniaturized cardiac ultrasound instruments for rapid and effective bedside diagnosis and patient screening}},
    year = {2005},
    journal = {Journal of Evaluation in Clinical Practice},
    author = {Scholten, Christine and Rosenhek, Raphael and Binder, Thomas and Zehetgruber, Manfred and Maurer, Gerald and Baumgartner, Helmut},
    pages = {67--72},
    volume = {11},
    isbn = {1356-1294 (Print)},
    doi = {10.1111/j.1365-2753.2004.00506.x},
    issn = {13561294},
    pmid = {15660539},
    keywords = {Hand-held echocardiography, New technologies, Ultrasound devices}
}

@article{Wiley2014,
    title = {{Handheld Ultrasound and Diagnosis of Cardiovascular Disease at the Bedside}},
    year = {2014},
    journal = {Journal of the American College of Cardiology},
    author = {Wiley, Brandon and Mohanty, Bibhu},
    number = {2},
    month = {7},
    pages = {229--230},
    volume = {64},
    issn = {0735-1097}
}

@article{Chatterjee2010,
    title = {{Is denoising dead?}},
    year = {2010},
    journal = {IEEE Transactions on Image Processing},
    author = {Chatterjee, Priyam and Milanfar, Peyman},
    number = {4},
    pages = {895--911},
    volume = {19},
    isbn = {1057-7149},
    issn = {10577149},
    pmid = {19932997},
    keywords = {Bayesian Cram{\&}r{\&}Rao lower bound (CRLB), Bias, Bootstrapping, Image denoising, Mean squared error}
}

@article{Cleveland1988,
    title = {{Locally Weighted Regression: An Approach to Regression Analysis by Local Fitting}},
    year = {1988},
    journal = {Journal of the American Statistical Association},
    author = {Cleveland, William S and Devlin, Susan J},
    number = {403},
    month = {9},
    pages = {596--610},
    volume = {83},
    publisher = {Taylor {\&} Francis},
    doi = {10.1080/01621459.1988.10478639},
    issn = {0162-1459}
}

@inproceedings{Agrawal2010,
    title = {{Optimal coded sampling for temporal super-resolution}},
    year = {2010},
    booktitle = {Proceedings of the IEEE Computer Society Conference on Computer Vision and Pattern Recognition},
    author = {Agrawal, Amit and Gupta, Mohit and Veeraraghavan, Ashok and Narasimhan, Srinivasa G.},
    pages = {599--606},
    issn = {10636919}
}

@book{Bishop2006,
    title = {{Pattern Recognition and Machine Learning}},
    year = {2006},
    booktitle = {Pattern Recognition},
    author = {Bishop, Christopher M},
    pages = {738},
    volume = {4},
    isbn = {9780387310732},
    doi = {10.1117/1.2819119},
    issn = {10179909},
    pmid = {8943268},
    arxivId = {0-387-31073-8}
}

@article{Laptev2005,
    title = {{Periodic motion detection and segmentation via approximate sequence alignment}},
    year = {2005},
    journal = {Tenth IEEE International Conference on Computer Vision (ICCV'05) Volume 1},
    author = {Laptev, I. and Belongie, S.J. and Perez, P. and Wills, J.},
    volume = {1}
}

@article{Makihara2014,
    title = {{Phase estimation of a single quasi-periodic signal}},
    year = {2014},
    journal = {IEEE Transactions on Signal Processing},
    author = {Makihara, Yasushi and Aqmar, Muhammad Rasyid and Trung, Ngo Thanh and Nagahara, Hajime and Sagawa, Ryusuke and Mukaigawa, Yasuhiro and Yagi, Yasushi},
    number = {8},
    pages = {2066--2079},
    volume = {62},
    publisher = {Institute of Electrical and Electronics Engineers Inc.},
    keywords = {Phase, dynamic time warping, quasi-periodic signal}
}

@article{Kuklik2015,
    title = {{Reconstruction of instantaneous phase of unipolar atrial contact electrogram using a concept of sinusoidal recomposition and Hilbert transform.}},
    year = {2015},
    journal = {IEEE transactions on bio-medical engineering},
    author = {Kuklik, Pawel and Zeemering, Stef and Maesen, Bart and Maessen, Jos and Crijns, Harry J and Verheule, Sander and Ganesan, Anand N and Schotten, Ulrich},
    number = {1},
    month = {1},
    pages = {296--302},
    volume = {62},
    doi = {10.1109/TBME.2014.2350029},
    issn = {1558-2531 (Electronic)},
    pmid = {25148659},
    language = {eng}
}

@article{Lu2013,
    title = {{Robust estimation of instantaneous phase using a time-frequency adaptive filter}},
    year = {2013},
    journal = {GEOPHYSICS},
    author = {Lu, Wen-kai and Zhang, Chang-Kai},
    number = {1},
    pages = {O1-O7},
    volume = {78},
    doi = {10.1190/geo2011-0435.1},
    issn = {0016-8033}
}

@article{Bouwmans2014,
    title = {{Robust PCA via Principal Component Pursuit: A review for a comparative evaluation in video surveillance}},
    year = {2014},
    journal = {Computer Vision and Image Understanding},
    author = {Bouwmans, Thierry and Zahzah, El Hadi},
    pages = {22--34},
    volume = {122},
    issn = {10773142},
    keywords = {Foreground detection, Principal Component Pursuit, Robust principal component analysis}
}

@article{Candes2009,
    title = {{Robust Principal Component Analysis?}},
    year = {2009},
    journal = {Journal of the ACM},
    author = {Cand{\`{e}}s, Emmanuel J and Li, Xiaodong and Ma, Yi and Wright, John and Candes, Emmanuel J},
    number = {3},
    pages = {1--37},
    volume = {58},
    publisher = {ACM Request Permissions},
    institution = {Department of Statistics, Stanford University},
    isbn = {0-7803-6278-0},
    issn = {0004-5411},
    arxivId = {arXiv:0912.3599v1},
    keywords = {{\&}ell, 1-norm minimization, Principal components, duality, low-rank matrices, nuclear-norm minimization, robustness vis-a-vis outliers, sparsity, video surveillance}
}

@article{Cutler2000,
    title = {{Robust real-time periodic motion detection, analysis, and applications}},
    year = {2000},
    journal = {IEEE Transactions on Pattern Analysis and Machine Intelligence},
    author = {Cutler, R and Davis, L S},
    number = {8},
    pages = {781--796},
    volume = {22},
    isbn = {0769501494},
    doi = {10.1109/CVPR.1999.784652},
    issn = {10636919}
}

@incollection{Goshtasby2012,
    title = {{Similarity and Dissimilarity Measures}},
    year = {2012},
    booktitle = {Image Registration SE - 2},
    author = {Goshtasby, A.Ardeshir},
    pages = {7--66},
    series = {Advances in Computer Vision and Pattern Recognition},
    publisher = {Springer London},
    isbn = {978-1-4471-2457-3},
    doi = {10.1007/978-1-4471-2458-0{\_}2},
    language = {English}
}

@article{Shechtman2005,
    title = {{Space-time super-resolution}},
    year = {2005},
    journal = {IEEE Transactions on Pattern Analysis and Machine Intelligence},
    author = {Shechtman, Eli and Caspi, Yaron and Irani, Michal},
    number = {4},
    pages = {531--545},
    volume = {27},
    pmid = {15794159},
    keywords = {Fast cameras, High-quality video, Motion aliasing, Motion blur, Space-time analysis, Super-resolution, Temporal resolution}
}

@inproceedings{Shahar2011,
    title = {{Space-time super-resolution from a single video}},
    year = {2011},
    booktitle = {Proceedings of the IEEE Computer Society Conference on Computer Vision and Pattern Recognition},
    author = {Shahar, Oded and Faktor, Alon and Irani, Michal},
    pages = {3353--3360},
    issn = {10636919}
}

@article{Mudenagudi2011,
    title = {{Space-time super-resolution using graph-cut optimization}},
    year = {2011},
    journal = {IEEE Transactions on Pattern Analysis and Machine Intelligence},
    author = {Mudenagudi, Uma and Banerjee, Subhashis and Kalra, Prem Kumar},
    number = {5},
    pages = {995--1008},
    volume = {33},
    pmid = {20733227},
    keywords = {Markov random field (MRF), Super-resolution, graph-cut, maximum a posteriori (MAP), minimization, nonlinear, space-time}
}

@article{Cleveland1990,
    title = {{STL: A seasonal-trend decomposition procedure based on loess}},
    year = {1990},
    journal = {Journal of Official Statistics},
    author = {Cleveland, Robert B and Cleveland, William S and McRae, Jean E and Terpenning, Irma},
    number = {1},
    pages = {3--73},
    volume = {6},
    issn = {0282-423X}
}

@article{Nasrollahi2014,
    title = {{Super-resolution: a comprehensive survey}},
    year = {2014},
    journal = {Machine Vision and Applications},
    author = {Nasrollahi, Kamal and Moeslund, ThomasB.},
    number = {6},
    pages = {1423--1468},
    volume = {25},
    publisher = {Springer Berlin Heidelberg},
    doi = {10.1007/s00138-014-0623-4},
    issn = {0932-8092},
    keywords = {Hallucination, Reconstruction, Regularization, Super-resolution},
    language = {English}
}

@inproceedings{Makihara2011,
    title = {{Temporal super resolution from a single quasi-periodic image sequence based on phase registration}},
    year = {2011},
    booktitle = {Computer Vision--ACCV 2010},
    author = {Makihara, Yasushi and Mori, Atsushi and Yagi, Yasushi},
    pages = {107--120}
}

@article{Lin2010,
    title = {{The Augmented Lagrange Multiplier Method for Exact Recovery of Corrupted Low-Rank Matrices}},
    year = {2010},
    journal = {ArXiv e-prints},
    author = {Lin, Z and Chen, M and Ma, Y},
    month = {9},
    arxivId = {math.OC/1009.5055},
    keywords = {Computer Science - Numerical Analysis, Computer Science - Systems and Control, Mathematics - Optimization and Control}
}

@article{Brunner2010,
    title = {{Toward the automatic detection of coronary artery calcification in non-contrast computed tomography data.}},
    year = {2010},
    journal = {The international journal of cardiovascular imaging},
    author = {Brunner, Gerd and Chittajallu, Deepak R and Kurkure, Uday and Kakadiaris, Ioannis A},
    pages = {829--838},
    volume = {26},
    doi = {10.1007/s10554-010-9608-1},
    issn = {1875-8312},
    pmid = {20232154}
}

@inproceedings{Brunner2008,
    title = {{Toward unsupervised classification of calcified arterial lesions}},
    year = {2008},
    booktitle = {Lecture Notes in Computer Science (including subseries Lecture Notes in Artificial Intelligence and Lecture Notes in Bioinformatics)},
    author = {Brunner, Gerd and Kurkure, Uday and Chittajallu, Deepak R. and Yalamanchili, Raja P. and Kakadiaris, Ioannis A.},
    pages = {144--152},
    volume = {5241 LNCS},
    isbn = {354085987X},
    doi = {10.1007/978-3-540-85988-8{\_}18},
    issn = {03029743},
    pmid = {18979742}
}

@article{Cootney2001,
    title = {{Ultrasound Imaging: Principles and Applications in Rodent Research}},
    year = {2001},
    journal = {ILAR Journal},
    author = {Cootney, R. W.},
    number = {3},
    month = {1},
    pages = {233--247},
    volume = {42},
    url = {http://ilarjournal.oxfordjournals.org/cgi/doi/10.1093/ilar.42.3.233},
    doi = {10.1093/ilar.42.3.233},
    issn = {1084-2020},
    keywords = {echocardiography, mice, rats, research, ultra-}
}

@inproceedings{Akae2012,
    title = {{Video from nearly still: An application to low frame-rate gait recognition}},
    year = {2012},
    booktitle = {Proceedings of the IEEE Computer Society Conference on Computer Vision and Pattern Recognition},
    author = {Akae, Naoki and Mansur, Al and Makihara, Yasushi and Yagi, Yasushi},
    pages = {1537--1543}
}

@article{Dhara2016AImages.,
    title = {{A Combination of Shape and Texture Features for Classification of Pulmonary Nodules in Lung CT Images.}},
    year = {2016},
    journal = {Journal of digital imaging},
    author = {Dhara, Ashis Kumar and Mukhopadhyay, Sudipta and Dutta, Anirvan and Garg, Mandeep and Khandelwal, Niranjan},
    number = {4},
    month = {8},
    pages = {466--75},
    volume = {29},
    publisher = {Springer},
    url = {http://www.ncbi.nlm.nih.gov/pubmed/26738871 http://www.pubmedcentral.nih.gov/articlerender.fcgi?artid=PMC4942385},
    doi = {10.1007/s10278-015-9857-6},
    issn = {1618-727X},
    pmid = {26738871},
    keywords = {CT images, Classification of benign and malignant nodules, Feature extraction, Features selection, Lung cancer, Pulmonary nodules, Segmentation of nodules}
}

@article{Bhandare2013AResponse,
    title = {{A Literature Review of Late Complications of Radiation Therapy for Head and Neck Cancers: Incidence and Dose Response}},
    year = {2013},
    journal = {Journal of Nuclear Medicine {\&} Radiation Therapy},
    author = {Bhandare, William M Mendenhall & Niranjan},
    pages = {2--9},
    url = {http://www.omicsonline.org/a-literature-review-of-late-complications-of-radiation-therapy-for-head-and-neck-cancers-incidence-and-dose-response-2155-9619.S2-009.php?aid=9168},
    doi = {10.4172/2155-9619.S2-009},
    issn = {21559619},
    keywords = {carotid artery injury, damage to vision apparatus, dry-eye syndrome, dysfunction, dysphagia, dysphonia, esophageal toxicity, fibrosis, myelitis, osteoradionecrosis, ototoxicity, pituitary-hypothalamic, soft tissue, thyroid disease, trismus, xerostomia dental issues}
}

@article{Marcu2010AlteredGain,
    title = {{Altered fractionation in radiotherapy: From radiobiological rationale to therapeutic gain}},
    year = {2010},
    journal = {Cancer Treatment Reviews},
    author = {Marcu, Loredana G.},
    number = {8},
    month = {12},
    pages = {606--614},
    volume = {36},
    url = {http://www.ncbi.nlm.nih.gov/pubmed/20494524 http://linkinghub.elsevier.com/retrieve/pii/S0305737210000824},
    doi = {10.1016/j.ctrv.2010.04.004},
    issn = {03057372},
    pmid = {20494524}
}

@misc{Davnall2012AssessmentPractice,
    title = {{Assessment of tumor heterogeneity: An emerging imaging tool for clinical practice?}},
    year = {2012},
    booktitle = {Insights into Imaging},
    author = {Davnall, Fergus and Yip, Connie S P and Ljungqvist, Gunnar and Selmi, Mariyah and Ng, Francesca and Sanghera, Bal and Ganeshan, Balaji and Miles, Kenneth A. and Cook, Gary J. and Goh, Vicky},
    number = {6},
    pages = {573--589},
    volume = {3},
    isbn = {1869-4101},
    doi = {10.1007/s13244-012-0196-6},
    issn = {18694101},
    pmid = {23093486},
    keywords = {CT, Cancer, Fractal analysis, MRI, PET, Texture analysis}
}

@article{Enquobahrie2007AutomatedScans,
    title = {{Automated Detection of Small Pulmonary Nodules in Whole Lung CT Scans}},
    year = {2007},
    journal = {Academic Radiology},
    author = {Enquobahrie, Andinet A. and Reeves, Anthony P. and Yankelevitz, David F. and Henschke, Claudia I.},
    number = {5},
    month = {5},
    pages = {579--593},
    volume = {14},
    url = {http://www.ncbi.nlm.nih.gov/pubmed/17434072 http://linkinghub.elsevier.com/retrieve/pii/S1076633207000712},
    doi = {10.1016/j.acra.2007.01.029},
    issn = {10766332},
    pmid = {17434072}
}

@inproceedings{Doyle2008AutomatedFeatures,
    title = {{Automated grading of breast cancer histopathology using spectral clusteringwith textural and architectural image features}},
    year = {2008},
    booktitle = {2008 5th IEEE International Symposium on Biomedical Imaging: From Nano to Macro},
    author = {Doyle, Scott and Agner, Shannon and Madabhushi, Anant and Feldman, Michael and Tomaszewski, John},
    month = {5},
    pages = {496--499},
    publisher = {IEEE},
    url = {http://ieeexplore.ieee.org/document/4541041/},
    isbn = {978-1-4244-2002-5},
    doi = {10.1109/ISBI.2008.4541041}
}

@inproceedings{Doyle2007AUTOMATEDFEATURES,
    title = {{AUTOMATED GRADING OF PROSTATE CANCER USING ARCHITECTURAL AND TEXTURAL IMAGE FEATURES}},
    year = {2007},
    booktitle = {2007 4th IEEE International Symposium on Biomedical Imaging: From Nano to Macro},
    author = {Doyle, Scott and Hwang, Mark and Shah, Kinsuk and Madabhushi, Anant and Feldman, Michael and Tomaszeweski, John},
    pages = {1284--1287},
    publisher = {IEEE},
    url = {http://ieeexplore.ieee.org/document/4193528/},
    isbn = {1-4244-0671-4},
    doi = {10.1109/ISBI.2007.357094}
}

@article{Rosenman2017CancScans,
    title = {{Canc Therapy {\&}amp; Oncol Int J Registration of Nasopharynoscope Videos with Radiation Treatment Planning CT Scans}},
    year = {2017},
    journal = {Research Article Canc Therapy {\&} Oncol Int J CTOIJ.MS.ID},
    author = {Rosenman, Julian and Zhao, Qingyu and Price, True and Wang, Rui and Hong, Junpyo and Niethammer, Marc and Alterovitz, Ron and Frahm, Jan-Michael and Chera, Bhishamjit and Pizer, Stephen},
    number = {51},
    volume = {5555652},
    url = {https://juniperpublishers.com/ctoij/pdf/CTOIJ.MS.ID.555652.pdf},
    doi = {10.19080/CTOIJ.2017.05.555652},
    keywords = {Deformable registration, Endoscopy, Radiation treatment planning, Registering endoscopic videos with CT scans 2}
}

@article{Baxi2014CausesCancer,
    title = {{Causes of death in long-term survivors of head and neck cancer}},
    year = {2014},
    journal = {Cancer},
    author = {Baxi, Shrujal S. and Pinheiro, Laura C. and Patil, Sujata M. and Pfister, David G. and Oeffinger, Kevin C. and Elkin, Elena B.},
    number = {10},
    pages = {1507--1513},
    volume = {120},
    isbn = {2122633255},
    doi = {10.1002/cncr.28588},
    issn = {10970142},
    pmid = {24863390},
    arxivId = {NIHMS150003},
    keywords = {competing mortality, competing risk, head and neck cancer, second primary malignancy, survivorship}
}

@article{Mukherji2001CervicalExpect.,
    title = {{Cervical nodal metastases in squamous cell carcinoma of the head and neck: what to expect.}},
    year = {2001},
    journal = {Head {\&} neck},
    author = {Mukherji, S K and Armao, D and Joshi, V M},
    number = {11},
    month = {11},
    pages = {995--1005},
    volume = {23},
    url = {http://www.ncbi.nlm.nih.gov/pubmed/11754505},
    issn = {1043-3074},
    pmid = {11754505}
}

@article{Yoo2017ClinicalManagement,
    title = {{Clinical multi-omics strategies for the effective cancer management}},
    year = {2017},
    journal = {Journal of Proteomics},
    author = {Yoo, Byong Chul and Kim, Kyung-Hee and Woo, Sang Myung and Myung, Jae Kyung},
    month = {8},
    url = {http://www.ncbi.nlm.nih.gov/pubmed/28821459 http://linkinghub.elsevier.com/retrieve/pii/S1874391917302865},
    doi = {10.1016/j.jprot.2017.08.010},
    issn = {18743919},
    pmid = {28821459},
    keywords = {Biomarker discovery, Cancer, Omics strategy, Predictive, preventive, and personalized medicine}
}

@article{Altunbay2010ColorGrading,
    title = {{Color Graphs for Automated Cancer Diagnosis and Grading}},
    year = {2010},
    journal = {IEEE Transactions on Biomedical Engineering},
    author = {Altunbay, D. and Cigir, C. and Sokmensuer, C. and Gunduz-Demir, C.},
    number = {3},
    month = {3},
    pages = {665--674},
    volume = {57},
    url = {http://ieeexplore.ieee.org/document/5290064/},
    doi = {10.1109/TBME.2009.2033804},
    issn = {0018-9294}
}

@article{Burnet2004DefiningRadiotherapy,
    title = {{Defining the tumour and target volumes for radiotherapy}},
    year = {2004},
    journal = {Cancer Imaging},
    author = {Burnet, Neil G. and Thomas, Simon J. and Burton, Kate E. and Jefferies, Sarah J.},
    number = {2},
    pages = {153--161},
    volume = {4},
    isbn = {1470-7330 (Electronic){\textbackslash}n1470-7330 (Linking)},
    doi = {10.1102/1470-7330.2004.0054},
    issn = {14707330},
    pmid = {18250025},
    keywords = {Conformal radiotherapy, ICRU, Organs at risk, Target volume, Tumour volume}
}

@article{Fave2017Delta-radiomicsCancer,
    title = {{Delta-radiomics features for the prediction of patient outcomes in non–small cell lung cancer}},
    year = {2017},
    journal = {Scientific Reports},
    author = {Fave, Xenia and Zhang, Lifei and Yang, Jinzhong and Mackin, Dennis and Balter, Peter and Gomez, Daniel and Followill, David and Jones, Aaron Kyle and Stingo, Francesco and Liao, Zhongxing and Mohan, Radhe and Court, Laurence},
    number = {1},
    month = {12},
    pages = {588},
    volume = {7},
    url = {http://www.ncbi.nlm.nih.gov/pubmed/28373718 http://www.pubmedcentral.nih.gov/articlerender.fcgi?artid=PMC5428827 http://www.nature.com/articles/s41598-017-00665-z},
    doi = {10.1038/s41598-017-00665-z},
    issn = {2045-2322},
    pmid = {28373718}
}

@article{Thompson2013DiagnosticMeta-analysis.,
    title = {{Diagnostic value of sentinel lymph node biopsy in head and neck cancer: a meta-analysis.}},
    year = {2013},
    journal = {European archives of oto-rhino-laryngology : official journal of the European Federation of Oto-Rhino-Laryngological Societies (EUFOS) : affiliated with the German Society for Oto-Rhino-Laryngology - Head and Neck Surgery},
    author = {Thompson, C F and St John, M A and Lawson, G and Grogan, T and Elashoff, D and Mendelsohn, A H},
    number = {7},
    month = {7},
    pages = {2115--22},
    volume = {270},
    publisher = {NIH Public Access},
    url = {http://www.ncbi.nlm.nih.gov/pubmed/23263205 http://www.pubmedcentral.nih.gov/articlerender.fcgi?artid=PMC4167685},
    doi = {10.1007/s00405-012-2320-0},
    issn = {1434-4726},
    pmid = {23263205}
}

@article{Kim2016ElectiveSurvival.,
    title = {{Elective neck dissection versus observation in early stage oral squamous cell carcinoma: recurrence and survival.}},
    year = {2016},
    journal = {Journal of the Korean Association of Oral and Maxillofacial Surgeons},
    author = {Kim, Dong Wook and Lee, Ba-Da and Lim, Jung Hwan and Park, Jung-Hyun and Nam, Woong and Kim, Hyung Jun and Cha, In-Ho},
    number = {6},
    month = {12},
    pages = {358--364},
    volume = {42},
    publisher = {Korean Association of Oral and Maxillofacial Surgeons},
    url = {http://www.ncbi.nlm.nih.gov/pubmed/28053906 http://www.pubmedcentral.nih.gov/articlerender.fcgi?artid=PMC5206241},
    doi = {10.5125/jkaoms.2016.42.6.358},
    issn = {2234-7550},
    pmid = {28053906},
    keywords = {Neck dissection, Oral cancer, Squamous cell carcinoma, Survival analysis, Survival rate}
}

@article{DCruz2015ElectiveCancer,
    title = {{Elective versus Therapeutic Neck Dissection in Node-Negative Oral Cancer}},
    year = {2015},
    journal = {New England Journal of Medicine},
    author = {D’Cruz, Anil K. and Vaish, Richa and Kapre, Neeti and Dandekar, Mitali and Gupta, Sudeep and Hawaldar, Rohini and Agarwal, Jai Prakash and Pantvaidya, Gouri and Chaukar, Devendra and Deshmukh, Anuja and Kane, Shubhada and Arya, Supreeta and Ghosh-Laskar, Sarbani and Chaturvedi, Pankaj and Pai, Prathamesh and Nair, Sudhir and Nair, Deepa and Badwe, Rajendra},
    number = {6},
    pages = {521--529},
    volume = {373},
    url = {http://www.nejm.org/doi/10.1056/NEJMoa1506007},
    isbn = {1533-4406 (Electronic){\textbackslash}r0028-4793 (Linking)},
    doi = {10.1056/NEJMoa1506007},
    issn = {0028-4793},
    pmid = {26027881}
}

@inproceedings{Rathore2016EnsembleCancer,
    title = {{Ensemble Sparse Classification of Colon Cancer}},
    year = {2016},
    booktitle = {2016 International Conference on Frontiers of Information Technology (FIT)},
    author = {Rathore, Saima and Iftikhar, Muhammad Aksam and Hassan, Mehdi},
    month = {12},
    pages = {235--240},
    publisher = {IEEE},
    url = {http://ieeexplore.ieee.org/document/7866759/},
    isbn = {978-1-5090-5300-1},
    doi = {10.1109/FIT.2016.050}
}

@article{Ecclestone2013ExperimentalTherapy,
    title = {{Experimental validation of the van Herk margin formula for lung radiation therapy}},
    year = {2013},
    journal = {Medical Physics},
    author = {Ecclestone, Gillian and Bissonnette, Jean-Pierre and Heath, Emily},
    number = {11},
    month = {10},
    pages = {111721},
    volume = {40},
    url = {http://www.ncbi.nlm.nih.gov/pubmed/24320429 http://doi.wiley.com/10.1118/1.4824927},
    doi = {10.1118/1.4824927},
    issn = {00942405},
    pmid = {24320429}
}

@article{Agada2009GeneticImplications.,
    title = {{Genetic profile of head and neck squamous cell carcinoma: clinical implications.}},
    year = {2009},
    journal = {The Journal of laryngology and otology},
    author = {Agada, F O and Patmore, H and Alhamarneh, O and Stafford, N D and Greenman, J},
    number = {3},
    pages = {266--72},
    volume = {123},
    url = {http://www.ncbi.nlm.nih.gov/pubmed/18694533},
    isbn = {1748-5460; 0022-2151},
    doi = {10.1017/S0022215108003320},
    issn = {1748-5460},
    pmid = {18694533},
    keywords = {Carcinoma, Squamous Cell, Carcinoma, Squamous Cell: diagnosis, Carcinoma, Squamous Cell: genetics, Carcinoma, Squamous Cell: therapy, Chromosome Aberrations, Genes, p53, Genetic Research, Head and Neck Neoplasms, Head and Neck Neoplasms: diagnosis, Head and Neck Neoplasms: genetics, Head and Neck Neoplasms: therapy, Humans, Loss of Heterozygosity, Otorhinolaryngologic Surgical Procedures, Otorhinolaryngologic Surgical Procedures: methods, Prognosis}
}

@article{Sirinukunwattana2017GlandContest,
    title = {{Gland segmentation in colon histology images: The glas challenge contest}},
    year = {2017},
    journal = {Medical Image Analysis},
    author = {Sirinukunwattana, Korsuk and Pluim, Josien P.W. and Chen, Hao and Qi, Xiaojuan and Heng, Pheng Ann and Guo, Yun Bo and Wang, Li Yang and Matuszewski, Bogdan J. and Bruni, Elia and Sanchez, Urko and B{\"{o}}hm, Anton and Ronneberger, Olaf and Cheikh, Bassem Ben and Racoceanu, Daniel and Kainz, Philipp and Pfeiffer, Michael and Urschler, Martin and Snead, David R.J. and Rajpoot, Nasir M.},
    month = {1},
    pages = {489--502},
    volume = {35},
    publisher = {Elsevier},
    url = {http://www.sciencedirect.com/science/article/pii/S1361841516301542},
    doi = {10.1016/j.media.2016.08.008},
    issn = {13618423},
    arxivId = {1603.00275},
    keywords = {Colon cancer, Digital pathology, Histology image analysis, Intestinal gland, Segmentation}
}

@article{Vorwerk2011GuidelinesRegion.,
    title = {{Guidelines for delineation of lymphatic clinical target volumes for high conformal radiotherapy: head and neck region.}},
    year = {2011},
    journal = {Radiation oncology (London, England)},
    author = {Vorwerk, Hilke and Hess, Clemens F},
    month = {8},
    pages = {97},
    volume = {6},
    publisher = {BioMed Central},
    url = {http://www.ncbi.nlm.nih.gov/pubmed/21854585 http://www.pubmedcentral.nih.gov/articlerender.fcgi?artid=PMC3178490},
    doi = {10.1186/1748-717X-6-97},
    issn = {1748-717X},
    pmid = {21854585}
}

@article{Rosenman2002High-doseTrial.,
    title = {{High-dose conformal radiotherapy for treatment of stage IIIA/IIIB non-small-cell lung cancer: technical issues and results of a phase I/II trial.}},
    year = {2002},
    journal = {International journal of radiation oncology, biology, physics},
    author = {Rosenman, Julian G and Halle, Jan S and Socinski, Mark A and Deschesne, Katharin and Moore, Dominic T and Johnson, Harold and Fraser, Robert and Morris, David E},
    number = {2},
    month = {10},
    pages = {348--56},
    volume = {54},
    url = {http://www.ncbi.nlm.nih.gov/pubmed/12243807},
    issn = {0360-3016},
    pmid = {12243807}
}

@article{He2012HistologyGrading.,
    title = {{Histology image analysis for carcinoma detection and grading.}},
    year = {2012},
    journal = {Computer methods and programs in biomedicine},
    author = {He, Lei and Long, L Rodney and Antani, Sameer and Thoma, George R},
    number = {3},
    month = {9},
    pages = {538--56},
    volume = {107},
    publisher = {NIH Public Access},
    url = {http://www.ncbi.nlm.nih.gov/pubmed/22436890 http://www.pubmedcentral.nih.gov/articlerender.fcgi?artid=PMC3587978},
    doi = {10.1016/j.cmpb.2011.12.007},
    issn = {1872-7565},
    pmid = {22436890}
}

@article{Gurcan2009HistopathologicalReview.,
    title = {{Histopathological image analysis: a review.}},
    year = {2009},
    journal = {IEEE reviews in biomedical engineering},
    author = {Gurcan, Metin N and Boucheron, Laura E and Can, Ali and Madabhushi, Anant and Rajpoot, Nasir M and Yener, B},
    pages = {147--71},
    volume = {2},
    publisher = {NIH Public Access},
    url = {http://www.ncbi.nlm.nih.gov/pubmed/20671804 http://www.pubmedcentral.nih.gov/articlerender.fcgi?artid=PMC2910932},
    doi = {10.1109/RBME.2009.2034865},
    issn = {1941-1189},
    pmid = {20671804},
    keywords = {computer-assisted interpretation, histopathology, image analysis, microscopy analysis}
}

@article{Zhang2015IBEX:Radiomics.,
    title = {{IBEX: an open infrastructure software platform to facilitate collaborative work in radiomics.}},
    year = {2015},
    journal = {Medical physics},
    author = {Zhang, Lifei and Fried, David V and Fave, Xenia J and Hunter, Luke A and Yang, Jinzhong and Court, Laurence E},
    number = {3},
    month = {3},
    pages = {1341--53},
    volume = {42},
    publisher = {American Association of Physicists in Medicine},
    url = {http://www.ncbi.nlm.nih.gov/pubmed/25735289 http://www.pubmedcentral.nih.gov/articlerender.fcgi?artid=PMC5148126},
    doi = {10.1118/1.4908210},
    issn = {2473-4209},
    pmid = {25735289}
}

@article{Brower2016ImprovedDatabase.,
    title = {{Improved survival with dose-escalated radiotherapy in stage III non-small-cell lung cancer: analysis of the National Cancer Database.}},
    year = {2016},
    journal = {Annals of oncology : official journal of the European Society for Medical Oncology},
    author = {Brower, J V and Amini, A and Chen, S and Hullett, C R and Kimple, R J and Wojcieszynski, A P and Bassetti, M and Witek, M E and Yu, M and Harari, P M and Baschnagel, A M},
    number = {10},
    pages = {1887--1894},
    volume = {27},
    doi = {10.1093/annonc/mdw276},
    issn = {1569-8041 (Electronic)},
    pmid = {27502703}
}

@article{Kalman2017LocalArms,
    title = {{Local Radiotherapy Intensification for Locally Advanced Non–small-cell Lung Cancer – A Call to Arms}},
    year = {2017},
    journal = {Clinical Lung Cancer},
    author = {Kalman, Noah S. and Weiss, Elisabeth and Walker, Paul R. and Rosenman, Julian G.},
    month = {6},
    url = {http://linkinghub.elsevier.com/retrieve/pii/S1525730417301730},
    doi = {10.1016/j.cllc.2017.05.024},
    issn = {15257304}
}

@article{Lennon2015LungViewpoint,
    title = {{Lung cancer—a fractal viewpoint}},
    year = {2015},
    journal = {Nature Reviews Clinical Oncology},
    author = {Lennon, Frances E. and Cianci, Gianguido C. and Cipriani, Nicole A. and Hensing, Thomas A. and Zhang, Hannah J. and Chen, Chin-Tu and Murgu, Septimiu D. and Vokes, Everett E. and Vannier, Michael W. and Salgia, Ravi},
    number = {11},
    month = {7},
    pages = {664--675},
    volume = {12},
    url = {http://www.ncbi.nlm.nih.gov/pubmed/26169924 http://www.pubmedcentral.nih.gov/articlerender.fcgi?artid=PMC4989864 http://www.nature.com/doifinder/10.1038/nrclinonc.2015.108},
    doi = {10.1038/nrclinonc.2015.108},
    issn = {1759-4774},
    pmid = {26169924}
}

@article{Dunne2004ManagementControversies,
    title = {{Management of N0 Neck in Head and Neck Cancer: Current Controversies}},
    year = {2004},
    journal = {Oncology Research and Treatment},
    author = {D{\"{u}}nne, A.A. and Budach, V.G. and Wagner, W. and Werner, J.A.},
    number = {4},
    month = {9},
    pages = {363--367},
    volume = {27},
    url = {http://www.ncbi.nlm.nih.gov/pubmed/15347891 http://www.karger.com/?doi=10.1159/000079089},
    doi = {10.1159/000079089},
    issn = {2296-5270},
    pmid = {15347891}
}

@article{Paleri2016ManagementGuidelines.,
    title = {{Management of neck metastases in head and neck cancer: United Kingdom National Multidisciplinary Guidelines.}},
    year = {2016},
    journal = {The Journal of laryngology and otology},
    author = {Paleri, V and Urbano, T G and Mehanna, H and Repanos, C and Lancaster, J and Roques, T and Patel, M and Sen, M},
    number = {S2},
    month = {5},
    pages = {S161-S169},
    volume = {130},
    publisher = {Cambridge University Press},
    url = {http://www.ncbi.nlm.nih.gov/pubmed/27841133 http://www.pubmedcentral.nih.gov/articlerender.fcgi?artid=PMC4873907},
    doi = {10.1017/S002221511600058X},
    issn = {1748-5460},
    pmid = {27841133}
}

@article{Rangayyan1997MeasuresTumors,
    title = {{Measures of acutance and shape for classification of breast tumors}},
    year = {1997},
    journal = {IEEE Transactions on Medical Imaging},
    author = {Rangayyan, R.M. and El-Faramawy, N.M. and Desautels, J.E.L. and Alim, O.A.},
    number = {6},
    month = {12},
    pages = {799--810},
    volume = {16},
    url = {http://www.ncbi.nlm.nih.gov/pubmed/9533580 http://ieeexplore.ieee.org/document/650876/},
    doi = {10.1109/42.650876},
    issn = {02780062},
    pmid = {9533580}
}

@article{Gensheimer2017Mid-radiotherapyCancer,
    title = {{Mid-radiotherapy PET/CT for prognostication and detection of early progression in patients with stage III non-small cell lung cancer}},
    year = {2017},
    journal = {Radiotherapy and Oncology},
    author = {Gensheimer, Michael F. and Hong, Julian C. and Chang-Halpenny, Christine and Zhu, Hui and Eclov, Neville C.W. and To, Jacqueline and Murphy, James D. and Wakelee, Heather A. and Neal, Joel W. and Le, Quynh-Thu and Hara, Wendy Y. and Quon, Andrew and Maxim, Peter G. and Graves, Edward E. and Olson, Michael R. and Diehn, Maximilian and Loo, Billy W.},
    month = {8},
    url = {http://www.ncbi.nlm.nih.gov/pubmed/28830717 http://linkinghub.elsevier.com/retrieve/pii/S0167814017325148},
    doi = {10.1016/j.radonc.2017.08.007},
    issn = {01678140},
    pmid = {28830717},
    keywords = {Biomarkers, FDG PET, Non-small cell lung cancer, Radiation therapy}
}

@article{Oppedijk2014PatternsTrials,
    title = {{Patterns of Recurrence After Surgery Alone Versus Preoperative Chemoradiotherapy and Surgery in the CROSS Trials}},
    year = {2014},
    journal = {Journal of Clinical Oncology},
    author = {Oppedijk, Vera and van der Gaast, Ate and van Lanschot, Jan J.B. and van Hagen, Pieter and van Os, Rob and van Rij, Caroline M. and van der Sangen, Maurice J. and Beukema, Jannet C. and R{\"{u}}tten, Heidi and Spruit, Patty H. and Reinders, Janny G. and Richel, Dick J. and van Berge Henegouwen, Mark I. and Hulshof, Maarten C.C.M.},
    number = {5},
    month = {2},
    pages = {385--391},
    volume = {32},
    url = {http://www.ncbi.nlm.nih.gov/pubmed/24419108 http://ascopubs.org/doi/10.1200/JCO.2013.51.2186},
    doi = {10.1200/JCO.2013.51.2186},
    issn = {0732-183X},
    pmid = {24419108}
}

@misc{PETCancer,
    title = {{PET Scans for Follow-up of Patients After Surgery or Chemo/Radiation | GRACE :: Lung Cancer}},
    url = {http://cancergrace.org/lung/2007/11/03/pet-scans-for-surveillance/}
}

@article{Chera2015PhaseCarcinoma,
    title = {{Phase 2 trial of de-intensified chemoradiation therapy for favorable-risk human papillomavirus-associated oropharyngeal squamous cell carcinoma}},
    year = {2015},
    journal = {International Journal of Radiation Oncology Biology Physics},
    author = {Chera, Bhishamjit S. and Amdur, Robert J. and Tepper, Joel and Qaqish, Bahjat and Green, Rebecca and Aumer, Shannon L. and Hayes, Neil and Weiss, Jared and Grilley-Olson, Juneko and Zanation, Adam and Hackman, Trevor and Funkhouser, William and Sheets, Nathan and Weissler, Mark and Mendenhall, William},
    number = {5},
    pages = {976--985},
    volume = {93},
    isbn = {0360-3016},
    doi = {10.1016/j.ijrobp.2015.08.033},
    issn = {1879355X},
    pmid = {26581135}
}

@article{vanHagen2012PreoperativeCancer,
    title = {{Preoperative Chemoradiotherapy for Esophageal or Junctional Cancer}},
    year = {2012},
    journal = {New England Journal of Medicine},
    author = {van Hagen, P. and Hulshof, M.C.C.M. and van Lanschot, J.J.B. and Steyerberg, E.W. and Henegouwen, M.I. van Berge and Wijnhoven, B.P.L. and Richel, D.J. and Nieuwenhuijzen, G.A.P. and Hospers, G.A.P. and Bonenkamp, J.J. and Cuesta, M.A. and Blaisse, R.J.B. and Busch, O.R.C. and ten Kate, F.J.W. and Creemers, G.-J. and Punt, C.J.A. and Plukker, J.T.M. and Verheul, H.M.W. and Bilgen, E.J. Spillenaar and van Dekken, H. and van der Sangen, M.J.C. and Rozema, T. and Biermann, K. and Beukema, J.C. and Piet, A.H.M. and van Rij, C.M. and Reinders, J.G. and Tilanus, H.W. and van der Gaast, A. and {CROSS Group}},
    number = {22},
    month = {5},
    pages = {2074--2084},
    volume = {366},
    url = {http://www.ncbi.nlm.nih.gov/pubmed/22646630 http://www.nejm.org/doi/10.1056/NEJMoa1112088},
    doi = {10.1056/NEJMoa1112088},
    issn = {0028-4793},
    pmid = {22646630}
}

@article{Wendt2002PrognosticNeck.,
    title = {{Prognostic factors in squamous cell carcinoma of the head and neck.}},
    year = {2002},
    journal = {Onkologie},
    author = {Wendt, T G and Bank, P},
    number = {3},
    month = {6},
    pages = {208--12},
    volume = {25},
    url = {http://www.ncbi.nlm.nih.gov/pubmed/12119454},
    issn = {0378-584X},
    pmid = {12119454}
}

@article{Adams2015PrognosticLymphoma,
    title = {{Prognostic value of tumor necrosis at CT in diffuse large B-cell lymphoma}},
    year = {2015},
    journal = {European Journal of Radiology},
    author = {Adams, Hugo J A and De Klerk, John M H and Fijnheer, Rob and Dubois, Stefan V. and Nievelstein, Rutger A J and Kwee, Thomas C.},
    number = {3},
    pages = {372--377},
    volume = {84},
    doi = {10.1016/j.ejrad.2014.12.009},
    issn = {18727727},
    pmid = {25559168},
    keywords = {CT, Diffuse large B-cell lymphoma, Necrosis, Prognosis}
}

@article{Grove2015QuantitativeAdenocarcinoma,
    title = {{Quantitative Computed Tomographic Descriptors Associate Tumor Shape Complexity and Intratumor Heterogeneity with Prognosis in Lung Adenocarcinoma}},
    year = {2015},
    journal = {PLOS ONE},
    author = {Grove, Olya and Berglund, Anders E. and Schabath, Matthew B. and Aerts, Hugo J. W. L. and Dekker, Andre and Wang, Hua and Velazquez, Emmanuel Rios and Lambin, Philippe and Gu, Yuhua and Balagurunathan, Yoganand and Eikman, Edward and Gatenby, Robert A. and Eschrich, Steven and Gillies, Robert J.},
    editor = {Mu{\~{n}}oz-Barrutia, Arrate},
    number = {3},
    month = {3},
    pages = {e0118261},
    volume = {10},
    url = {http://www.ncbi.nlm.nih.gov/pubmed/25739030 http://www.pubmedcentral.nih.gov/articlerender.fcgi?artid=PMC4349806 http://dx.plos.org/10.1371/journal.pone.0118261},
    doi = {10.1371/journal.pone.0118261},
    issn = {1932-6203},
    pmid = {25739030}
}

@incollection{Lehrer2017RadiogenomicsInformation,
    title = {{Radiogenomics and Histomics in Glioblastoma: The Promise of Linking Image-Derived Phenotype with Genomic Information}},
    year = {2017},
    author = {Lehrer, Michael and Powell, Reid T. and Barua, Souptik and Kim, Donnie and Narang, Shivali and Rao, Arvind},
    pages = {143--159},
    publisher = {Springer, Cham},
    url = {http://link.springer.com/10.1007/978-3-319-56820-1_6},
    doi = {10.1007/978-3-319-56820-1{\_}6}
}

@article{Coroller2016RadiomicCancer,
    title = {{Radiomic phenotype features predict pathological response in non-small cell lung cancer}},
    year = {2016},
    journal = {Radiotherapy and Oncology},
    author = {Coroller, Thibaud P. and Agrawal, Vishesh and Narayan, Vivek and Hou, Ying and Grossmann, Patrick and Lee, Stephanie W. and Mak, Raymond H. and Aerts, Hugo J.W.L.},
    number = {3},
    pages = {480--486},
    volume = {119},
    url = {http://linkinghub.elsevier.com/retrieve/pii/S0167814016310386},
    isbn = {3-540-27590-8},
    doi = {10.1016/j.radonc.2016.04.004},
    issn = {01678140},
    pmid = {27085484},
    arxivId = {arXiv:gr-qc/9809069v1},
    archivePrefix = {arXiv},
    eprint = {9809069v1},
    primaryClass = {gr-qc}
}

@article{Scrivener2016RadiomicsReview,
    title = {{Radiomics applied to lung cancer: a review}},
    year = {2016},
    journal = {Translational Cancer Research},
    author = {Scrivener, Madeleine and de Jong, Evelyn E. C. and van Timmeren, Janna E. and Pieters, Thierry and Ghaye, Benoît and Geets, Xavier},
    number = {4},
    pages = {398--409},
    volume = {5},
    url = {http://tcr.amegroups.com/article/view/8536},
    doi = {10.21037/8536},
    issn = {2219-6803}
}

@article{Shiradkar2016RadiomicsMRI.,
    title = {{Radiomics based targeted radiotherapy planning (Rad-TRaP): a computational framework for prostate cancer treatment planning with MRI.}},
    year = {2016},
    journal = {Radiation oncology (London, England)},
    author = {Shiradkar, Rakesh and Podder, Tarun K and Algohary, Ahmad and Viswanath, Satish and Ellis, Rodney J and Madabhushi, Anant},
    number = {1},
    month = {11},
    pages = {148},
    volume = {11},
    publisher = {BioMed Central},
    url = {http://www.ncbi.nlm.nih.gov/pubmed/27829431 http://www.pubmedcentral.nih.gov/articlerender.fcgi?artid=PMC5103611},
    doi = {10.1186/s13014-016-0718-3},
    issn = {1748-717X},
    pmid = {27829431},
    keywords = {Computer aided diagnosis (CAD), Radiomics, Treatment planning, prostate cancer}
}

@article{Wong2016RadiomicsApplication,
    title = {{Radiomics in head and neck cancer: from exploration to application}},
    year = {2016},
    journal = {Translational Cancer Research},
    author = {Wong, Andrew J. and Kanwar, Aasheesh and Mohamed, Abdallah S. and Fuller, Clifton D.},
    number = {4},
    pages = {371--382},
    volume = {5},
    url = {http://tcr.amegroups.com/article/view/8805/html},
    doi = {10.21037/8805},
    issn = {2219-6803}
}

@article{Wilson2017RadiomicsCancer.,
    title = {{Radiomics of pulmonary nodules and lung cancer.}},
    year = {2017},
    journal = {Translational lung cancer research},
    author = {Wilson, Ryan and Devaraj, Anand},
    number = {1},
    month = {2},
    pages = {86--91},
    volume = {6},
    publisher = {AME Publications},
    url = {http://www.ncbi.nlm.nih.gov/pubmed/28331828 http://www.pubmedcentral.nih.gov/articlerender.fcgi?artid=PMC5344835},
    doi = {10.21037/tlcr.2017.01.04},
    issn = {2218-6751},
    pmid = {28331828},
    keywords = {CT, Lung cancer, pulmonary nodules, radiology, radiomics}
}

@article{Haie-Meder2005RecommendationsCTV,
    title = {{Recommendations from Gynaecological (GYN) GEC-ESTRO Working Group☆ (I): concepts and terms in 3D image based 3D treatment planning in cervix cancer brachytherapy with emphasis on MRI assessment of GTV and CTV}},
    year = {2005},
    journal = {Radiotherapy and Oncology},
    author = {Haie-Meder, Christine and P{\"{o}}tter, Richard and Van Limbergen, Erik and Briot, Edith and De Brabandere, Marisol and Dimopoulos, Johannes and Dumas, Isabelle and Hellebust, Taran Paulsen and Kirisits, Christian and Lang, Stefan and Muschitz, Sabine and Nevinson, Juliana and Nulens, An and Petrow, Peter and Wachter-Gerstner, Natascha and {Gynaecological (GYN) GEC-ESTRO Working Group}},
    number = {3},
    month = {3},
    pages = {235--245},
    volume = {74},
    url = {http://www.ncbi.nlm.nih.gov/pubmed/15763303 http://linkinghub.elsevier.com/retrieve/pii/S0167814004005791},
    doi = {10.1016/j.radonc.2004.12.015},
    issn = {01678140},
    pmid = {15763303}
}

@article{Cerfolio2004RepeatCancer.,
    title = {{Repeat FDG-PET after neoadjuvant therapy is a predictor of pathologic response in patients with non-small cell lung cancer.}},
    year = {2004},
    journal = {The Annals of thoracic surgery},
    author = {Cerfolio, Robert J and Bryant, Ayesha S and Winokur, Thomas S and Ohja, Buddhiwardhan and Bartolucci, Alfred A.},
    number = {6},
    pages = {1903--9},
    volume = {78},
    url = {http://www.ncbi.nlm.nih.gov/pubmed/15560998},
    isbn = {1552-6259 (Electronic) 0003-4975 (Linking)},
    doi = {10.1016/j.athoracsur.2004.06.102},
    issn = {1552-6259},
    pmid = {15560998}
}

@article{Gregoire2000SelectionExperience.,
    title = {{Selection and delineation of lymph node target volumes in head and neck conformal radiotherapy. Proposal for standardizing terminology and procedure based on the surgical experience.}},
    year = {2000},
    journal = {Radiotherapy and oncology : journal of the European Society for Therapeutic Radiology and Oncology},
    author = {Gr{\'{e}}goire, V and Coche, E and Cosnard, G and Hamoir, M and Reychler, H},
    number = {2},
    month = {8},
    pages = {135--50},
    volume = {56},
    url = {http://www.ncbi.nlm.nih.gov/pubmed/10927132},
    issn = {0167-8140},
    pmid = {10927132}
}

@article{Stuckensen2000StagingMRI.,
    title = {{Staging of the neck in patients with oral cavity squamous cell carcinomas: a prospective comparison of PET, ultrasound, CT and MRI.}},
    year = {2000},
    journal = {Journal of cranio-maxillo-facial surgery : official publication of the European Association for Cranio-Maxillo-Facial Surgery},
    author = {Stuckensen, Tankred and Kov{\'{a}}cs, Adorján F. and Adams, Stephan and Baum, Richard P.},
    number = {6},
    month = {12},
    pages = {319--24},
    volume = {28},
    url = {http://www.ncbi.nlm.nih.gov/pubmed/11465137 http://linkinghub.elsevier.com/retrieve/pii/S1010518200901720},
    isbn = {1010-5182},
    doi = {10.1054/jcms.2000.0172},
    issn = {1010-5182},
    pmid = {11465137},
    keywords = {80 and over, Adult, Aged, Carcinoma, Diagnostic Imaging, Emission-Computed, False Negative Reactions, False Positive Reactions, Female, Fluorodeoxyglucose F18, Fluorodeoxyglucose F18: diagnostic use, Humans, Lymph Node Excision, Lymphatic Metastasis, Lymphatic Metastasis: pathology, Magnetic Resonance Imaging, Male, Middle Aged, Mouth Neoplasms, Mouth Neoplasms: pathology, Mouth Neoplasms: surgery, Mouth Neoplasms: ultrasonography, Neoplasm Staging, Neoplasms, Predictive Value of Tests, Prospective Studies, Radiopharmaceuticals, Radiopharmaceuticals: diagnostic use, Second Primary, Second Primary: pathology, Sensitivity and Specificity, Squamous Cell, Squamous Cell: pathology, Squamous Cell: secondary, Squamous Cell: surgery, Squamous Cell: ultrasonography, Tomography, X-Ray Computed}
}

@article{Bradley2015Standard-doseP,
    title = {{Standard-dose versus high-dose conformal radiotherapy with concurrent and consolidation carboplatin plus paclitaxel with or without cetuximab for patients with stage IIIA or IIIB non-small-cell lung cancer (RTOG 0617): A randomised, two-by-two factorial p}},
    year = {2015},
    journal = {The Lancet Oncology},
    author = {Bradley, Jeffrey D. and Paulus, Rebecca and Komaki, Ritsuko and Masters, Gregory and Blumenschein, George and Schild, Steven and Bogart, Jeffrey and Hu, Chen and Forster, Kenneth and Magliocco, Anthony and Kavadi, Vivek and Garces, Yolanda I. and Narayan, Samir and Iyengar, Puneeth and Robinson, Cliff and Wynn, Raymond B. and Koprowski, Christopher and Meng, Joanne and Beitler, Jonathan and Gaur, Rakesh and Curran, Walter and Choy, Hak},
    number = {2},
    pages = {187--199},
    volume = {16},
    isbn = {1470-2045},
    doi = {10.1016/S1470-2045(14)71207-0},
    issn = {14745488},
    pmid = {25601342},
    arxivId = {15334406}
}

@article{Li2017StereotacticMeta-analysis.,
    title = {{Stereotactic body radiotherapy or stereotactic ablative radiotherapy versus surgery for patients with T1-3N0M0 non-small cell lung cancer: a systematic review and meta-analysis.}},
    year = {2017},
    journal = {OncoTargets and therapy},
    author = {Li, Ming and Yang, Xiaodong and Chen, Yuhan and Yang, Xinyu and Dai, Xiyu and Sun, Fenghao and Zhang, Li and Zhan, Cheng and Feng, Mingxiang and Wang, Qun},
    pages = {2885--2892},
    volume = {10},
    publisher = {Dove Press},
    url = {http://www.ncbi.nlm.nih.gov/pubmed/28652770 http://www.pubmedcentral.nih.gov/articlerender.fcgi?artid=PMC5476770},
    doi = {10.2147/OTT.S138701},
    issn = {1178-6930},
    pmid = {28652770},
    keywords = {lobectomy, meta-analysis, non–small cell lung cancer, stereotactic ablative radiotherapy, stereotactic body radiotherapy, sublobectomy}
}

@article{Zheng2014SurvivalMeta-Analysis,
    title = {{Survival Outcome After Stereotactic Body Radiation Therapy and Surgery for Stage I Non-Small Cell Lung Cancer: A Meta-Analysis}},
    year = {2014},
    journal = {International Journal of Radiation Oncology*Biology*Physics},
    author = {Zheng, Xiangpeng and Schipper, Matthew and Kidwell, Kelley and Lin, Jules and Reddy, Rishindra and Ren, Yanping and Chang, Andrew and Lv, Fanzhen and Orringer, Mark and Spring Kong, Feng-Ming},
    number = {3},
    month = {11},
    pages = {603--611},
    volume = {90},
    url = {http://www.ncbi.nlm.nih.gov/pubmed/25052562 http://linkinghub.elsevier.com/retrieve/pii/S0360301614007068},
    doi = {10.1016/j.ijrobp.2014.05.055},
    issn = {03603016},
    pmid = {25052562}
}

@article{2017TheAnalysis,
    title = {{The clinical target volume in lung, head-and-neck, and esophageal cancer: Lessons from pathological measurement and recurrence analysis}},
    year = {2017},
    journal = {Clinical and Translational Radiation Oncology},
    month = {4},
    pages = {1--8},
    volume = {3},
    publisher = {Elsevier},
    url = {http://www.sciencedirect.com/science/article/pii/S2405630816300490},
    doi = {10.1016/J.CTRO.2017.01.006},
    issn = {2405-6308}
}

@article{vanRossum2016ThePotential,
    title = {{The emerging field of radiomics in esophageal cancer: current evidence and future potential}},
    year = {2016},
    journal = {Translational Cancer Research},
    author = {van Rossum, Peter SN. and Xu, Cai and Fried, David V. and Goense, Lucas and Court, Laurence E. and Lin, Steven H.},
    number = {4},
    pages = {410--423},
    volume = {5},
    url = {http://tcr.amegroups.com/article/view/8579},
    doi = {10.21037/8579},
    issn = {2219-6803}
}

@inproceedings{2016TheFrames,
    title = {{The Endoscopogram: a 3D Model Reconstructed from Endoscopic Video Frames}},
    year = {2016},
    booktitle = {MICCAI},
    pages = {439--447}
}

@article{Ansari2016TheCancer.,
    title = {{The liquid biopsy in lung cancer.}},
    year = {2016},
    journal = {Genes {\&} cancer},
    author = {Ansari, Junaid and Yun, Jungmi W and Kompelli, Anvesh R and Moufarrej, Youmna E and Alexander, Jonathan S and Herrera, Guillermo A and Shackelford, Rodney E},
    number = {11-12},
    pages = {355--367},
    volume = {7},
    url = {http://www.ncbi.nlm.nih.gov/pubmed/28191282},
    doi = {10.18632/genesandcancer.127},
    issn = {1947-6019},
    pmid = {28191282},
    keywords = {circulating cell-free tumor DNA, circulating tumor cells, epidermal growth factor receptor, liquid biopsy, tumor educated platelets}
}

@incollection{Singh2014TopologicalImages,
    title = {{Topological Descriptors of Histology Images}},
    year = {2014},
    author = {Singh, Nikhil and Couture, Heather D. and Marron, J. S. and Perou, Charles and Niethammer, Marc},
    pages = {231--239},
    publisher = {Springer, Cham},
    url = {http://link.springer.com/10.1007/978-3-319-10581-9_29},
    doi = {10.1007/978-3-319-10581-9{\_}29}
}

@article{2017UpdateCancer,
    title = {{Update of a Prospective Study of Stereotactic Body Radiation Therapy for Post-Chemoradiation Residual Disease in Stage II/III Non-Small Cell Lung Cancer}},
    year = {2017},
    journal = {International Journal of Radiation Oncology*Biology*Physics},
    number = {3},
    month = {11},
    pages = {652--659},
    volume = {99},
    publisher = {Elsevier},
    url = {http://www.sciencedirect.com/science/article/pii/S0360301617336246},
    doi = {10.1016/J.IJROBP.2017.07.036},
    issn = {0360-3016}
}

@article{Janssen-Heijnen2015VariationDiagnosis,
    title = {{Variation in causes of death in patients with non-small cell lung cancer according to stage and time since diagnosis}},
    year = {2015},
    journal = {Annals of Oncology},
    author = {Janssen-Heijnen, M. L. G. and van Erning, F. N. and De Ruysscher, D. K. and Coebergh, J. W. W. and Groen, H. J. M.},
    number = {5},
    month = {5},
    pages = {902--907},
    volume = {26},
    url = {http://www.ncbi.nlm.nih.gov/pubmed/25672893 https://academic.oup.com/annonc/article-lookup/doi/10.1093/annonc/mdv061},
    doi = {10.1093/annonc/mdv061},
    issn = {1569-8041},
    pmid = {25672893},
    keywords = {causes of death, conditional survival, excess mortality, long-term, non-small cell lung cancer}
}

@article{Han2016WhatOutcomes.,
    title = {{What Is the Appropriate Clinical Target Volume for Esophageal Squamous Cell Carcinoma? Debate and Consensus Based on Pathological and Clinical Outcomes.}},
    year = {2016},
    journal = {Journal of Cancer},
    author = {Han, Dali and Yuan, Yinping and Song, Xuqing and Yu, Yonghua and Yu, Jinming},
    number = {2},
    pages = {200--6},
    volume = {7},
    publisher = {Ivyspring International Publisher},
    url = {http://www.ncbi.nlm.nih.gov/pubmed/26819644 http://www.pubmedcentral.nih.gov/articlerender.fcgi?artid=PMC4716853},
    doi = {10.7150/jca.13873},
    issn = {1837-9664},
    pmid = {26819644},
    keywords = {clinical target volume, esophageal squamous cell carcinoma, radiation therapy}
}

@article{Peeken2017Radio-oncomics,
    title = {{“Radio-oncomics”}},
    year = {2017},
    journal = {Strahlentherapie und Onkologie},
    author = {Peeken, Jan Caspar and N{\"{u}}sslin, Fridtjof and Combs, Stephanie E.},
    number = {10},
    month = {10},
    pages = {767--779},
    volume = {193},
    url = {http://www.ncbi.nlm.nih.gov/pubmed/28687979 http://link.springer.com/10.1007/s00066-017-1175-0},
    doi = {10.1007/s00066-017-1175-0},
    issn = {0179-7158},
    pmid = {28687979},
    keywords = {Precision medicine, Radiation Oncology, Radiogenomics, Radiotherapy, R﻿adiomics, Toxicity}
}